<?xml version="1.0" encoding="UTF-8"?><record xmlns="http://www.loc.gov/MARC21/slim" xmlns:cinclude="http://apache.org/cocoon/include/1.0" xmlns:zs="http://www.loc.gov/zing/srw/">
  <leader>00478nz  a2200145n  4500</leader>
  <controlfield tag="001">no2010161187</controlfield>
  <controlfield tag="003">DLC</controlfield>
  <controlfield tag="005">20101006075416.0</controlfield>
  <controlfield tag="008">101004n| acannaabn          |a aaa     c</controlfield>
  <datafield tag="010" ind1=" " ind2=" ">
    <subfield code="a">no2010161187</subfield>
  </datafield>
  <datafield tag="035" ind1=" " ind2=" ">
    <subfield code="a">(OCoLC)oca08645286</subfield>
  </datafield>
  <datafield tag="040" ind1=" " ind2=" ">
    <subfield code="a">MX-SnUAN</subfield>
    <subfield code="b">eng</subfield>
    <subfield code="c">MX-SnUAN</subfield>
  </datafield>
  <datafield tag="100" ind1="1" ind2=" ">
    <subfield code="a">Hernández Pruneda, Cecilia Ivone</subfield>
  </datafield>
  <datafield tag="400" ind1="1" ind2=" ">
    <subfield code="a">Pruneda, Cecilia Ivone Hernández</subfield>
  </datafield>
  <datafield tag="670" ind1=" " ind2=" ">
    <subfield code="a">Tecnología de la información y de la comunicación 4, 2008:</subfield>
    <subfield code="b">t.p. (Cecilia Ivone Hernández Pruneda)</subfield>
  </datafield>
</record>